<record><leader>00000cas a22000007a 4500</leader><controlfield tag="001">14782977</controlfield><controlfield tag="008">861120d19631964wiuwr ne      0    0eng d</controlfield><datafield ind1=" " ind2=" " tag="010"><subfield code="a">sn 86086796 </subfield></datafield><datafield ind1=" " ind2=" " tag="040"><subfield code="a">NPV</subfield><subfield code="b">eng</subfield><subfield code="c">NPV</subfield><subfield code="d">OCLCQ</subfield></datafield><datafield ind1=" " ind2=" " tag="042"><subfield code="a">msc</subfield></datafield><datafield ind1="0" ind2="4" tag="245"><subfield code="a">The Hub of Hales Corners, Muskego, &amp; Franklin.</subfield></datafield><datafield ind1="3" ind2="0" tag="246"><subfield code="a">Hub of Hales Corners, Muskego, and Franklin</subfield></datafield><datafield ind1="3" ind2="0" tag="246"><subfield code="a">Hub</subfield></datafield><datafield ind1=" " ind2=" " tag="260"><subfield code="a">Oak Creek, Wis. :</subfield><subfield code="b">Community Newspapers Inc.,</subfield><subfield code="c">-1964.</subfield></datafield><datafield ind1=" " ind2=" " tag="300"><subfield code="a">v.</subfield></datafield><datafield ind1=" " ind2=" " tag="310"><subfield code="a">Weekly</subfield></datafield><datafield ind1="1" ind2=" " tag="362"><subfield code="a">Began in 1963?</subfield></datafield><datafield ind1="0" ind2=" " tag="362"><subfield code="a">-no. 85 (Apr. 2, 1964).</subfield></datafield><datafield ind1=" " ind2=" " tag="588"><subfield code="a">Description based on: No. 40 (May 23, 1963).</subfield></datafield><datafield ind1=" " ind2=" " tag="752"><subfield code="a">United States</subfield><subfield code="b">Wisconsin</subfield><subfield code="c">Milwaukee</subfield><subfield code="d">Hales Corners.</subfield></datafield><datafield ind1=" " ind2=" " tag="752"><subfield code="a">United States</subfield><subfield code="b">Wisconsin</subfield><subfield code="c">Waukesha</subfield><subfield code="d">Muskego.</subfield></datafield><datafield ind1=" " ind2=" " tag="752"><subfield code="a">United States</subfield><subfield code="b">Wisconsin</subfield><subfield code="c">Milwaukee</subfield><subfield code="d">Franklin.</subfield></datafield><datafield ind1=" " ind2=" " tag="752"><subfield code="a">United States</subfield><subfield code="b">Wisconsin</subfield><subfield code="c">Milwaukee</subfield><subfield code="d">Oak Creek.</subfield></datafield><datafield ind1="0" ind2="0" tag="780"><subfield code="t">Suburban times</subfield></datafield><datafield ind1="0" ind2="0" tag="785"><subfield code="t">Hub of Hales Corners &amp; Muskego</subfield><subfield code="w">(DLC)sn 86086797</subfield></datafield></record>